% Encoding: UTF-8

@Misc{Duarte2009,
  author = {Gustavo Duarte},
  title  = {Anatomy of a {Program} in {Memory}},
  month  = jan,
  year   = {2009},
  url    = {https://manybutfinite.com/post/anatomy-of-a-program-in-memory/},
}

@Book{Stevens1992,
  title     = {Advanced {Programming} in the {Unix} {Environment}},
  publisher = {Addison–Wesley},
  year      = {1992},
  author    = {Stevens, W. Richard},
}

@Book{Oxford2004,
  title     = {A {Dictionary} of {Computing}},
  publisher = {Oxford University Press},
  year      = {2004},
  author    = {Oxford},
}

@Misc{Beal2018,
  author = {Vangie Beal},
  title  = {{Relative} {Address}},
  year   = {2018},
  url    = {https://www.webopedia.com/TERM/R/relative_address.html},
}

@Book{Gibson1988,
  title     = {Tech {Talk}: {Placing} the {IBM}/{Microsoft} {XMS} {Spec} into {Perspective}},
  publisher = {Infoworld},
  year      = {1988},
  author    = {Steve Gibson},
}

@Conference{Kameda2000,
  author       = {Hisao Kameda and El-Zoghdy Said Fathy and Inhwan Ryu and Jie Li},
  title        = {A {Performance} {Comparison} of {Dynamic} vs. {Static} {Load} {Balancing} {Policies} in a {Mainframe} - {Personal} {Computer} {Network} {Model}},
  booktitle    = {Proceedings of the {IEEE} Conference on Decision and Control},
  year         = {2000},
  volume       = {2},
  pages        = {1415--1420},
  month        = feb,
  organization = {IEEE},
}

@Misc{tutorialspoint2018,
  author = {tutorialspoint},
  title  = {Operating {System} - {Memory} {Management}},
  year   = {2018},
  url    = {https://www.tutorialspoint.com/operating_system/os_memory_management.htm},
}

@Misc{Vissicomp2014,
  author = {Vissicomp},
  title  = {Memory management},
  month  = nov,
  year   = {2014},
  url    = {https://vissicompcodder.wordpress.com/2014/11/27/memory-management/},
}

@Book{Petzold2000,
  title     = {Code: {The} {Hidden} {Language} of {Computer} {Hardware} and {Software}},
  publisher = {Microsoft Press},
  year      = {2000},
  author    = {Charles Petzold},
  month     = oct,
  isbn      = {0-7356-1131-9},
}

@TechReport{Symantec2010,
  author      = {Symantec},
  title       = {Switches: {Sector} {Copy}},
  institution = {Symantec Corporation},
  year        = {2010},
  type        = {techreport},
  number      = {TECH107956},
  month       = sep,
  url         = {https://www.symantec.com/docs/TECH107956},
}

@Book{Arpaci-Dusseau2014,
  title     = {Operating {Systems}: {Three} {Easy} {Pieces}},
  publisher = {Arpaci-Dusseau Books},
  year      = {2014},
  author    = {Remzi H. Arpaci-Dusseau and Andrea C. Arpaci-Dusseau},
}

@Misc{GeeksforGeeks2018,
  author = {GeeksforGeeks},
  title  = {Operating {System} | {Paging}},
  year   = {2018},
  url    = {https://www.geeksforgeeks.org/operating-system-paging/},
}

@Book{Englander2003,
  title     = {The architecture of computer hardware and systems software},
  publisher = {Wiley},
  year      = {2003},
  author    = {Irv Englander},
}

@Book{Intel2012,
  title     = {Intel 64 and {IA-32} {Architectures} {Software} {Developer’s} {Manual} {Volume} 3 (3{A}, 3{B} \& 3{C}): {System} {Programming} {Guide}},
  publisher = {Intel},
  year      = {2012},
  author    = {Intel},
}

@Book{Madnick1974,
  title     = {Operating {Systems}},
  publisher = {McGraw-Hill Book Company},
  year      = {1974},
  author    = {Stuart Madnick and John Donovan},
}

@Book{Silberschatz2001,
  title     = {Operating {System} {Concepts}},
  publisher = {Wiley},
  year      = {2001},
  author    = {Abraham Silberschatz and Peter B. Galvin and Greg Gagne and A. Silberschatz},
  edition   = {Sixth},
}

@Comment{jabref-meta: databaseType:bibtex;}
